<record><leader>00000cas a22000007a 4500</leader><controlfield tag="001">14644541</controlfield><controlfield tag="008">861106d19381939wiudn ne      0    0eng  </controlfield><controlfield tag="009">466</controlfield><datafield ind1=" " ind2=" " tag="010"><subfield code="a">sn 86072091 </subfield></datafield><datafield ind1=" " ind2=" " tag="040"><subfield code="a">DLC</subfield><subfield code="b">eng</subfield><subfield code="c">DLC</subfield><subfield code="d">YOX</subfield></datafield><datafield ind1="1" ind2=" " tag="029"><subfield code="a">AU@</subfield><subfield code="b">000025798123</subfield></datafield><datafield ind1=" " ind2=" " tag="042"><subfield code="a">msc</subfield></datafield><datafield ind1="0" ind2="0" tag="050"><subfield code="a">Newspaper</subfield></datafield><datafield ind1="0" ind2=" " tag="130"><subfield code="a">New Milwaukee leader (Milwaukee, Wis. : 1938)</subfield></datafield><datafield ind1="0" ind2="4" tag="245"><subfield code="a">The New Milwaukee leader.</subfield></datafield><datafield ind1=" " ind2=" " tag="260"><subfield code="a">[Milwaukee, Wis.] :</subfield><subfield code="b">Wisconsin Guardian Pub. Co.,</subfield><subfield code="c">1938-1939.</subfield></datafield><datafield ind1=" " ind2=" " tag="300"><subfield code="a">1 v. :</subfield><subfield code="b">ill.</subfield></datafield><datafield ind1=" " ind2=" " tag="310"><subfield code="a">Daily (except Sun.)</subfield></datafield><datafield ind1="0" ind2=" " tag="362"><subfield code="a">Vol. 27, no. 114 (Apr. 20, 1938-v. 28, no. 31 (Jan. 14, 1939).</subfield></datafield><datafield ind1=" " ind2=" " tag="530"><subfield code="a">Also available on microfilm from the State Historical Society of Wisconsin, and University Microfilms International.</subfield></datafield><datafield ind1=" " ind2=" " tag="752"><subfield code="a">United States</subfield><subfield code="b">Wisconsin</subfield><subfield code="c">Milwaukee</subfield><subfield code="d">Milwaukee.</subfield></datafield><datafield ind1="0" ind2="0" tag="780"><subfield code="t">Milwaukee leader</subfield><subfield code="w">(DLC)sn 83045293</subfield></datafield><datafield ind1="0" ind2="0" tag="785"><subfield code="t">Milwaukee evening post</subfield><subfield code="w">(DLC)sn 86072108</subfield></datafield></record>